%YAML 1.1
%TAG !u! tag:unity3d.com,2011:
--- !u!29 &1
OcclusionCullingSettings:
  m_ObjectHideFlags: 0
  serializedVersion: 2
  m_OcclusionBakeSettings:
    smallestOccluder: 5
    smallestHole: 0.25
    backfaceThreshold: 100
  m_SceneGUID: 00000000000000000000000000000000
  m_OcclusionCullingData: {fileID: 0}
--- !u!104 &2
RenderSettings:
  m_ObjectHideFlags: 0
  serializedVersion: 9
  m_Fog: 0
  m_FogColor: {r: 0.5, g: 0.5, b: 0.5, a: 1}
  m_FogMode: 3
  m_FogDensity: 0.01
  m_LinearFogStart: 0
  m_LinearFogEnd: 300
  m_AmbientSkyColor: {r: 0.212, g: 0.227, b: 0.259, a: 1}
  m_AmbientEquatorColor: {r: 0.114, g: 0.125, b: 0.133, a: 1}
  m_AmbientGroundColor: {r: 0.047, g: 0.043, b: 0.035, a: 1}
  m_AmbientIntensity: 1
  m_AmbientMode: 3
  m_SubtractiveShadowColor: {r: 0.42, g: 0.478, b: 0.627, a: 1}
  m_SkyboxMaterial: {fileID: 0}
  m_HaloStrength: 0.5
  m_FlareStrength: 1
  m_FlareFadeSpeed: 3
  m_HaloTexture: {fileID: 0}
  m_SpotCookie: {fileID: 10001, guid: 0000000000000000e000000000000000, type: 0}
  m_DefaultReflectionMode: 0
  m_DefaultReflectionResolution: 128
  m_ReflectionBounces: 1
  m_ReflectionIntensity: 1
  m_CustomReflection: {fileID: 0}
  m_Sun: {fileID: 0}
  m_IndirectSpecularColor: {r: 0, g: 0, b: 0, a: 1}
  m_UseRadianceAmbientProbe: 0
--- !u!157 &3
LightmapSettings:
  m_ObjectHideFlags: 0
  serializedVersion: 11
  m_GIWorkflowMode: 1
  m_GISettings:
    serializedVersion: 2
    m_BounceScale: 1
    m_IndirectOutputScale: 1
    m_AlbedoBoost: 1
    m_TemporalCoherenceThreshold: 1
    m_EnvironmentLightingMode: 0
    m_EnableBakedLightmaps: 0
    m_EnableRealtimeLightmaps: 0
  m_LightmapEditorSettings:
    serializedVersion: 10
    m_Resolution: 2
    m_BakeResolution: 40
    m_AtlasSize: 1024
    m_AO: 0
    m_AOMaxDistance: 1
    m_CompAOExponent: 1
    m_CompAOExponentDirect: 0
    m_Padding: 2
    m_LightmapParameters: {fileID: 0}
    m_LightmapsBakeMode: 1
    m_TextureCompression: 1
    m_FinalGather: 0
    m_FinalGatherFiltering: 1
    m_FinalGatherRayCount: 256
    m_ReflectionCompression: 2
    m_MixedBakeMode: 2
    m_BakeBackend: 1
    m_PVRSampling: 1
    m_PVRDirectSampleCount: 32
    m_PVRSampleCount: 500
    m_PVRBounces: 2
    m_PVRFilterTypeDirect: 0
    m_PVRFilterTypeIndirect: 0
    m_PVRFilterTypeAO: 0
    m_PVRFilteringMode: 1
    m_PVRCulling: 1
    m_PVRFilteringGaussRadiusDirect: 1
    m_PVRFilteringGaussRadiusIndirect: 5
    m_PVRFilteringGaussRadiusAO: 2
    m_PVRFilteringAtrousPositionSigmaDirect: 0.5
    m_PVRFilteringAtrousPositionSigmaIndirect: 2
    m_PVRFilteringAtrousPositionSigmaAO: 1
    m_ShowResolutionOverlay: 1
  m_LightingDataAsset: {fileID: 0}
  m_UseShadowmask: 1
--- !u!196 &4
NavMeshSettings:
  serializedVersion: 2
  m_ObjectHideFlags: 0
  m_BuildSettings:
    serializedVersion: 2
    agentTypeID: 0
    agentRadius: 0.5
    agentHeight: 2
    agentSlope: 45
    agentClimb: 0.4
    ledgeDropHeight: 0
    maxJumpAcrossDistance: 0
    minRegionArea: 2
    manualCellSize: 0
    cellSize: 0.16666667
    manualTileSize: 0
    tileSize: 256
    accuratePlacement: 0
    debug:
      m_Flags: 0
  m_NavMeshData: {fileID: 0}
--- !u!1001 &119351988
Prefab:
  m_ObjectHideFlags: 0
  serializedVersion: 2
  m_Modification:
    m_TransformParent: {fileID: 0}
    m_Modifications:
    - target: {fileID: 4769937156546682, guid: 9c77cc1ea59e4814b9d23c349b716430, type: 2}
      propertyPath: m_LocalPosition.x
      value: 49.31
      objectReference: {fileID: 0}
    - target: {fileID: 4769937156546682, guid: 9c77cc1ea59e4814b9d23c349b716430, type: 2}
      propertyPath: m_LocalPosition.y
      value: 2.51
      objectReference: {fileID: 0}
    - target: {fileID: 4769937156546682, guid: 9c77cc1ea59e4814b9d23c349b716430, type: 2}
      propertyPath: m_LocalPosition.z
      value: 0
      objectReference: {fileID: 0}
    - target: {fileID: 4769937156546682, guid: 9c77cc1ea59e4814b9d23c349b716430, type: 2}
      propertyPath: m_LocalRotation.x
      value: -0
      objectReference: {fileID: 0}
    - target: {fileID: 4769937156546682, guid: 9c77cc1ea59e4814b9d23c349b716430, type: 2}
      propertyPath: m_LocalRotation.y
      value: -0
      objectReference: {fileID: 0}
    - target: {fileID: 4769937156546682, guid: 9c77cc1ea59e4814b9d23c349b716430, type: 2}
      propertyPath: m_LocalRotation.z
      value: -0
      objectReference: {fileID: 0}
    - target: {fileID: 4769937156546682, guid: 9c77cc1ea59e4814b9d23c349b716430, type: 2}
      propertyPath: m_LocalRotation.w
      value: 1
      objectReference: {fileID: 0}
    - target: {fileID: 4769937156546682, guid: 9c77cc1ea59e4814b9d23c349b716430, type: 2}
      propertyPath: m_RootOrder
      value: 13
      objectReference: {fileID: 0}
    m_RemovedComponents: []
  m_SourcePrefab: {fileID: 100100000, guid: 9c77cc1ea59e4814b9d23c349b716430, type: 2}
  m_IsPrefabAsset: 0
--- !u!1001 &209908472
Prefab:
  m_ObjectHideFlags: 0
  serializedVersion: 2
  m_Modification:
    m_TransformParent: {fileID: 0}
    m_Modifications:
    - target: {fileID: 4426357892340610, guid: 500186dec0392f249b5b3690b1fc42b7, type: 2}
      propertyPath: m_LocalPosition.x
      value: 38.19
      objectReference: {fileID: 0}
    - target: {fileID: 4426357892340610, guid: 500186dec0392f249b5b3690b1fc42b7, type: 2}
      propertyPath: m_LocalPosition.y
      value: 2.51
      objectReference: {fileID: 0}
    - target: {fileID: 4426357892340610, guid: 500186dec0392f249b5b3690b1fc42b7, type: 2}
      propertyPath: m_LocalPosition.z
      value: 0
      objectReference: {fileID: 0}
    - target: {fileID: 4426357892340610, guid: 500186dec0392f249b5b3690b1fc42b7, type: 2}
      propertyPath: m_LocalRotation.x
      value: 0
      objectReference: {fileID: 0}
    - target: {fileID: 4426357892340610, guid: 500186dec0392f249b5b3690b1fc42b7, type: 2}
      propertyPath: m_LocalRotation.y
      value: 0
      objectReference: {fileID: 0}
    - target: {fileID: 4426357892340610, guid: 500186dec0392f249b5b3690b1fc42b7, type: 2}
      propertyPath: m_LocalRotation.z
      value: 0
      objectReference: {fileID: 0}
    - target: {fileID: 4426357892340610, guid: 500186dec0392f249b5b3690b1fc42b7, type: 2}
      propertyPath: m_LocalRotation.w
      value: 1
      objectReference: {fileID: 0}
    - target: {fileID: 4426357892340610, guid: 500186dec0392f249b5b3690b1fc42b7, type: 2}
      propertyPath: m_RootOrder
      value: 12
      objectReference: {fileID: 0}
    m_RemovedComponents: []
  m_SourcePrefab: {fileID: 100100000, guid: 500186dec0392f249b5b3690b1fc42b7, type: 2}
  m_IsPrefabAsset: 0
--- !u!1001 &482511224
Prefab:
  m_ObjectHideFlags: 0
  serializedVersion: 2
  m_Modification:
    m_TransformParent: {fileID: 0}
    m_Modifications:
    - target: {fileID: 4111048982495876, guid: e50632f08de32024c9a118e63ad45887, type: 2}
      propertyPath: m_LocalPosition.x
      value: 5.9681053
      objectReference: {fileID: 0}
    - target: {fileID: 4111048982495876, guid: e50632f08de32024c9a118e63ad45887, type: 2}
      propertyPath: m_LocalPosition.y
      value: 2.167218
      objectReference: {fileID: 0}
    - target: {fileID: 4111048982495876, guid: e50632f08de32024c9a118e63ad45887, type: 2}
      propertyPath: m_LocalPosition.z
      value: 0
      objectReference: {fileID: 0}
    - target: {fileID: 4111048982495876, guid: e50632f08de32024c9a118e63ad45887, type: 2}
      propertyPath: m_LocalRotation.x
      value: 0
      objectReference: {fileID: 0}
    - target: {fileID: 4111048982495876, guid: e50632f08de32024c9a118e63ad45887, type: 2}
      propertyPath: m_LocalRotation.y
      value: 0
      objectReference: {fileID: 0}
    - target: {fileID: 4111048982495876, guid: e50632f08de32024c9a118e63ad45887, type: 2}
      propertyPath: m_LocalRotation.z
      value: 0
      objectReference: {fileID: 0}
    - target: {fileID: 4111048982495876, guid: e50632f08de32024c9a118e63ad45887, type: 2}
      propertyPath: m_LocalRotation.w
      value: 1
      objectReference: {fileID: 0}
    - target: {fileID: 4111048982495876, guid: e50632f08de32024c9a118e63ad45887, type: 2}
      propertyPath: m_RootOrder
      value: 8
      objectReference: {fileID: 0}
    m_RemovedComponents: []
  m_SourcePrefab: {fileID: 100100000, guid: e50632f08de32024c9a118e63ad45887, type: 2}
  m_IsPrefabAsset: 0
--- !u!1001 &762191241
Prefab:
  m_ObjectHideFlags: 0
  serializedVersion: 2
  m_Modification:
    m_TransformParent: {fileID: 0}
    m_Modifications:
    - target: {fileID: 4652652725946262, guid: cd866cd5beeae7246948e51e60df418a, type: 2}
      propertyPath: m_LocalPosition.x
      value: -6.45
      objectReference: {fileID: 0}
    - target: {fileID: 4652652725946262, guid: cd866cd5beeae7246948e51e60df418a, type: 2}
      propertyPath: m_LocalPosition.y
      value: -2.65
      objectReference: {fileID: 0}
    - target: {fileID: 4652652725946262, guid: cd866cd5beeae7246948e51e60df418a, type: 2}
      propertyPath: m_LocalPosition.z
      value: 0
      objectReference: {fileID: 0}
    - target: {fileID: 4652652725946262, guid: cd866cd5beeae7246948e51e60df418a, type: 2}
      propertyPath: m_LocalRotation.x
      value: 0
      objectReference: {fileID: 0}
    - target: {fileID: 4652652725946262, guid: cd866cd5beeae7246948e51e60df418a, type: 2}
      propertyPath: m_LocalRotation.y
      value: 0
      objectReference: {fileID: 0}
    - target: {fileID: 4652652725946262, guid: cd866cd5beeae7246948e51e60df418a, type: 2}
      propertyPath: m_LocalRotation.z
      value: 0
      objectReference: {fileID: 0}
    - target: {fileID: 4652652725946262, guid: cd866cd5beeae7246948e51e60df418a, type: 2}
      propertyPath: m_LocalRotation.w
      value: 1
      objectReference: {fileID: 0}
    - target: {fileID: 4652652725946262, guid: cd866cd5beeae7246948e51e60df418a, type: 2}
      propertyPath: m_RootOrder
      value: 5
      objectReference: {fileID: 0}
    m_RemovedComponents: []
  m_SourcePrefab: {fileID: 100100000, guid: cd866cd5beeae7246948e51e60df418a, type: 2}
  m_IsPrefabAsset: 0
--- !u!1001 &968154178
Prefab:
  m_ObjectHideFlags: 0
  serializedVersion: 2
  m_Modification:
    m_TransformParent: {fileID: 0}
    m_Modifications:
    - target: {fileID: 4456943537498020, guid: 4eb2f97be65ce754a8f5916a398cb3be, type: 2}
      propertyPath: m_LocalPosition.x
      value: 3.32
      objectReference: {fileID: 0}
    - target: {fileID: 4456943537498020, guid: 4eb2f97be65ce754a8f5916a398cb3be, type: 2}
      propertyPath: m_LocalPosition.y
      value: 3.71
      objectReference: {fileID: 0}
    - target: {fileID: 4456943537498020, guid: 4eb2f97be65ce754a8f5916a398cb3be, type: 2}
      propertyPath: m_LocalPosition.z
      value: 0
      objectReference: {fileID: 0}
    - target: {fileID: 4456943537498020, guid: 4eb2f97be65ce754a8f5916a398cb3be, type: 2}
      propertyPath: m_LocalRotation.x
      value: 0
      objectReference: {fileID: 0}
    - target: {fileID: 4456943537498020, guid: 4eb2f97be65ce754a8f5916a398cb3be, type: 2}
      propertyPath: m_LocalRotation.y
      value: 0
      objectReference: {fileID: 0}
    - target: {fileID: 4456943537498020, guid: 4eb2f97be65ce754a8f5916a398cb3be, type: 2}
      propertyPath: m_LocalRotation.z
      value: 0
      objectReference: {fileID: 0}
    - target: {fileID: 4456943537498020, guid: 4eb2f97be65ce754a8f5916a398cb3be, type: 2}
      propertyPath: m_LocalRotation.w
      value: 1
      objectReference: {fileID: 0}
    - target: {fileID: 4456943537498020, guid: 4eb2f97be65ce754a8f5916a398cb3be, type: 2}
      propertyPath: m_RootOrder
      value: 7
      objectReference: {fileID: 0}
    m_RemovedComponents: []
  m_SourcePrefab: {fileID: 100100000, guid: 4eb2f97be65ce754a8f5916a398cb3be, type: 2}
  m_IsPrefabAsset: 0
--- !u!1001 &1141331016
Prefab:
  m_ObjectHideFlags: 0
  serializedVersion: 2
  m_Modification:
    m_TransformParent: {fileID: 0}
    m_Modifications:
    - target: {fileID: 4953288879025520, guid: 918dc0c2cbd83fa44b44f09c4a64bf3c, type: 2}
      propertyPath: m_LocalPosition.x
      value: 2.5540981
      objectReference: {fileID: 0}
    - target: {fileID: 4953288879025520, guid: 918dc0c2cbd83fa44b44f09c4a64bf3c, type: 2}
      propertyPath: m_LocalPosition.y
      value: 2.0627654
      objectReference: {fileID: 0}
    - target: {fileID: 4953288879025520, guid: 918dc0c2cbd83fa44b44f09c4a64bf3c, type: 2}
      propertyPath: m_LocalPosition.z
      value: 0
      objectReference: {fileID: 0}
    - target: {fileID: 4953288879025520, guid: 918dc0c2cbd83fa44b44f09c4a64bf3c, type: 2}
      propertyPath: m_LocalRotation.x
      value: 0
      objectReference: {fileID: 0}
    - target: {fileID: 4953288879025520, guid: 918dc0c2cbd83fa44b44f09c4a64bf3c, type: 2}
      propertyPath: m_LocalRotation.y
      value: 0
      objectReference: {fileID: 0}
    - target: {fileID: 4953288879025520, guid: 918dc0c2cbd83fa44b44f09c4a64bf3c, type: 2}
      propertyPath: m_LocalRotation.z
      value: 0
      objectReference: {fileID: 0}
    - target: {fileID: 4953288879025520, guid: 918dc0c2cbd83fa44b44f09c4a64bf3c, type: 2}
      propertyPath: m_LocalRotation.w
      value: 1
      objectReference: {fileID: 0}
    - target: {fileID: 4953288879025520, guid: 918dc0c2cbd83fa44b44f09c4a64bf3c, type: 2}
      propertyPath: m_RootOrder
      value: 9
      objectReference: {fileID: 0}
    m_RemovedComponents: []
  m_SourcePrefab: {fileID: 100100000, guid: 918dc0c2cbd83fa44b44f09c4a64bf3c, type: 2}
  m_IsPrefabAsset: 0
--- !u!1001 &1236306052
Prefab:
  m_ObjectHideFlags: 0
  serializedVersion: 2
  m_Modification:
    m_TransformParent: {fileID: 0}
    m_Modifications:
    - target: {fileID: 4543683016102848, guid: acedc06c0a73ca941b8e6bcdda7d79ed, type: 2}
      propertyPath: m_LocalPosition.x
      value: 26.93
      objectReference: {fileID: 0}
    - target: {fileID: 4543683016102848, guid: acedc06c0a73ca941b8e6bcdda7d79ed, type: 2}
      propertyPath: m_LocalPosition.y
      value: 2.51
      objectReference: {fileID: 0}
    - target: {fileID: 4543683016102848, guid: acedc06c0a73ca941b8e6bcdda7d79ed, type: 2}
      propertyPath: m_LocalPosition.z
      value: 0
      objectReference: {fileID: 0}
    - target: {fileID: 4543683016102848, guid: acedc06c0a73ca941b8e6bcdda7d79ed, type: 2}
      propertyPath: m_LocalRotation.x
      value: 0
      objectReference: {fileID: 0}
    - target: {fileID: 4543683016102848, guid: acedc06c0a73ca941b8e6bcdda7d79ed, type: 2}
      propertyPath: m_LocalRotation.y
      value: 0
      objectReference: {fileID: 0}
    - target: {fileID: 4543683016102848, guid: acedc06c0a73ca941b8e6bcdda7d79ed, type: 2}
      propertyPath: m_LocalRotation.z
      value: 0
      objectReference: {fileID: 0}
    - target: {fileID: 4543683016102848, guid: acedc06c0a73ca941b8e6bcdda7d79ed, type: 2}
      propertyPath: m_LocalRotation.w
      value: 1
      objectReference: {fileID: 0}
    - target: {fileID: 4543683016102848, guid: acedc06c0a73ca941b8e6bcdda7d79ed, type: 2}
      propertyPath: m_RootOrder
      value: 11
      objectReference: {fileID: 0}
    m_RemovedComponents: []
  m_SourcePrefab: {fileID: 100100000, guid: acedc06c0a73ca941b8e6bcdda7d79ed, type: 2}
  m_IsPrefabAsset: 0
--- !u!1001 &1248202138
Prefab:
  m_ObjectHideFlags: 0
  serializedVersion: 2
  m_Modification:
    m_TransformParent: {fileID: 0}
    m_Modifications:
    - target: {fileID: 4979150534895064, guid: 6595d9c64d1907c4b8ee529b3b175a63, type: 2}
      propertyPath: m_LocalPosition.x
      value: 15.49
      objectReference: {fileID: 0}
    - target: {fileID: 4979150534895064, guid: 6595d9c64d1907c4b8ee529b3b175a63, type: 2}
      propertyPath: m_LocalPosition.y
      value: 2.51
      objectReference: {fileID: 0}
    - target: {fileID: 4979150534895064, guid: 6595d9c64d1907c4b8ee529b3b175a63, type: 2}
      propertyPath: m_LocalPosition.z
      value: 0
      objectReference: {fileID: 0}
    - target: {fileID: 4979150534895064, guid: 6595d9c64d1907c4b8ee529b3b175a63, type: 2}
      propertyPath: m_LocalRotation.x
      value: 0
      objectReference: {fileID: 0}
    - target: {fileID: 4979150534895064, guid: 6595d9c64d1907c4b8ee529b3b175a63, type: 2}
      propertyPath: m_LocalRotation.y
      value: 0
      objectReference: {fileID: 0}
    - target: {fileID: 4979150534895064, guid: 6595d9c64d1907c4b8ee529b3b175a63, type: 2}
      propertyPath: m_LocalRotation.z
      value: 0
      objectReference: {fileID: 0}
    - target: {fileID: 4979150534895064, guid: 6595d9c64d1907c4b8ee529b3b175a63, type: 2}
      propertyPath: m_LocalRotation.w
      value: 1
      objectReference: {fileID: 0}
    - target: {fileID: 4979150534895064, guid: 6595d9c64d1907c4b8ee529b3b175a63, type: 2}
      propertyPath: m_RootOrder
      value: 1
      objectReference: {fileID: 0}
    - target: {fileID: 1513599655697898, guid: 6595d9c64d1907c4b8ee529b3b175a63, type: 2}
      propertyPath: m_Name
      value: GrassPickup1
      objectReference: {fileID: 0}
    m_RemovedComponents: []
  m_SourcePrefab: {fileID: 100100000, guid: 6595d9c64d1907c4b8ee529b3b175a63, type: 2}
  m_IsPrefabAsset: 0
--- !u!1001 &1365395205
Prefab:
  m_ObjectHideFlags: 0
  serializedVersion: 2
  m_Modification:
    m_TransformParent: {fileID: 0}
    m_Modifications:
    - target: {fileID: 4513162492178898, guid: fcb5cea3d05cd3d48a09569123c9b31d, type: 2}
      propertyPath: m_LocalPosition.x
      value: 4.2738886
      objectReference: {fileID: 0}
    - target: {fileID: 4513162492178898, guid: fcb5cea3d05cd3d48a09569123c9b31d, type: 2}
      propertyPath: m_LocalPosition.y
      value: 5.438219
      objectReference: {fileID: 0}
    - target: {fileID: 4513162492178898, guid: fcb5cea3d05cd3d48a09569123c9b31d, type: 2}
      propertyPath: m_LocalPosition.z
      value: 0
      objectReference: {fileID: 0}
    - target: {fileID: 4513162492178898, guid: fcb5cea3d05cd3d48a09569123c9b31d, type: 2}
      propertyPath: m_LocalRotation.x
      value: 0
      objectReference: {fileID: 0}
    - target: {fileID: 4513162492178898, guid: fcb5cea3d05cd3d48a09569123c9b31d, type: 2}
      propertyPath: m_LocalRotation.y
      value: 0
      objectReference: {fileID: 0}
    - target: {fileID: 4513162492178898, guid: fcb5cea3d05cd3d48a09569123c9b31d, type: 2}
      propertyPath: m_LocalRotation.z
      value: 0
      objectReference: {fileID: 0}
    - target: {fileID: 4513162492178898, guid: fcb5cea3d05cd3d48a09569123c9b31d, type: 2}
      propertyPath: m_LocalRotation.w
      value: 1
      objectReference: {fileID: 0}
    - target: {fileID: 4513162492178898, guid: fcb5cea3d05cd3d48a09569123c9b31d, type: 2}
      propertyPath: m_RootOrder
      value: 15
      objectReference: {fileID: 0}
    m_RemovedComponents: []
  m_SourcePrefab: {fileID: 100100000, guid: fcb5cea3d05cd3d48a09569123c9b31d, type: 2}
  m_IsPrefabAsset: 0
--- !u!1 &1425444162
GameObject:
  m_ObjectHideFlags: 0
  m_CorrespondingSourceObject: {fileID: 0}
  m_PrefabInternal: {fileID: 0}
  serializedVersion: 6
  m_Component:
  - component: {fileID: 1425444165}
  - component: {fileID: 1425444164}
  - component: {fileID: 1425444163}
  m_Layer: 0
  m_Name: PlayerJump
  m_TagString: Untagged
  m_Icon: {fileID: 0}
  m_NavMeshLayer: 0
  m_StaticEditorFlags: 0
  m_IsActive: 1
--- !u!95 &1425444163
Animator:
  serializedVersion: 3
  m_ObjectHideFlags: 0
  m_CorrespondingSourceObject: {fileID: 0}
  m_PrefabInternal: {fileID: 0}
  m_GameObject: {fileID: 1425444162}
  m_Enabled: 1
  m_Avatar: {fileID: 0}
  m_Controller: {fileID: 9100000, guid: b4be1e034e261e44ea3c72ae221c2970, type: 2}
  m_CullingMode: 0
  m_UpdateMode: 0
  m_ApplyRootMotion: 0
  m_LinearVelocityBlending: 0
  m_WarningMessage: 
  m_HasTransformHierarchy: 1
  m_AllowConstantClipSamplingOptimization: 1
  m_KeepAnimatorControllerStateOnDisable: 0
--- !u!212 &1425444164
SpriteRenderer:
  m_ObjectHideFlags: 0
  m_CorrespondingSourceObject: {fileID: 0}
  m_PrefabInternal: {fileID: 0}
  m_GameObject: {fileID: 1425444162}
  m_Enabled: 1
  m_CastShadows: 0
  m_ReceiveShadows: 0
  m_DynamicOccludee: 1
  m_MotionVectors: 1
  m_LightProbeUsage: 1
  m_ReflectionProbeUsage: 1
  m_RenderingLayerMask: 4294967295
  m_Materials:
  - {fileID: 10754, guid: 0000000000000000f000000000000000, type: 0}
  m_StaticBatchInfo:
    firstSubMesh: 0
    subMeshCount: 0
  m_StaticBatchRoot: {fileID: 0}
  m_ProbeAnchor: {fileID: 0}
  m_LightProbeVolumeOverride: {fileID: 0}
  m_ScaleInLightmap: 1
  m_PreserveUVs: 0
  m_IgnoreNormalsForChartDetection: 0
  m_ImportantGI: 0
  m_StitchLightmapSeams: 0
  m_SelectedEditorRenderState: 0
  m_MinimumChartSize: 4
  m_AutoUVMaxDistance: 0.5
  m_AutoUVMaxAngle: 89
  m_LightmapParameters: {fileID: 0}
  m_SortingLayerID: 0
  m_SortingLayer: 0
  m_SortingOrder: 0
  m_Sprite: {fileID: 21300000, guid: 4ba2d5eb2da649b48b26c31f6ce304a3, type: 3}
  m_Color: {r: 1, g: 1, b: 1, a: 1}
  m_FlipX: 0
  m_FlipY: 0
  m_DrawMode: 0
  m_Size: {x: 19.2, y: 10.8}
  m_AdaptiveModeThreshold: 0.5
  m_SpriteTileMode: 0
  m_WasSpriteAssigned: 1
  m_MaskInteraction: 0
  m_SpriteSortPoint: 0
--- !u!4 &1425444165
Transform:
  m_ObjectHideFlags: 0
  m_CorrespondingSourceObject: {fileID: 0}
  m_PrefabInternal: {fileID: 0}
  m_GameObject: {fileID: 1425444162}
  m_LocalRotation: {x: 0, y: 0, z: 0, w: 1}
  m_LocalPosition: {x: -6.78, y: 3.26, z: 0}
  m_LocalScale: {x: 0.1, y: 0.1, z: 0.1}
  m_Children: []
  m_Father: {fileID: 0}
  m_RootOrder: 10
  m_LocalEulerAnglesHint: {x: 0, y: 0, z: 0}
--- !u!1001 &1544190932
Prefab:
  m_ObjectHideFlags: 0
  serializedVersion: 2
  m_Modification:
    m_TransformParent: {fileID: 0}
    m_Modifications:
    - target: {fileID: 4536644322362546, guid: 60d6b1b0d2d7a214aa99b229d1d02895, type: 2}
      propertyPath: m_LocalPosition.x
      value: -2.553
      objectReference: {fileID: 0}
    - target: {fileID: 4536644322362546, guid: 60d6b1b0d2d7a214aa99b229d1d02895, type: 2}
      propertyPath: m_LocalPosition.y
      value: -0.226
      objectReference: {fileID: 0}
    - target: {fileID: 4536644322362546, guid: 60d6b1b0d2d7a214aa99b229d1d02895, type: 2}
      propertyPath: m_LocalPosition.z
      value: 0
      objectReference: {fileID: 0}
    - target: {fileID: 4536644322362546, guid: 60d6b1b0d2d7a214aa99b229d1d02895, type: 2}
      propertyPath: m_LocalRotation.x
      value: -0
      objectReference: {fileID: 0}
    - target: {fileID: 4536644322362546, guid: 60d6b1b0d2d7a214aa99b229d1d02895, type: 2}
      propertyPath: m_LocalRotation.y
      value: -0
      objectReference: {fileID: 0}
    - target: {fileID: 4536644322362546, guid: 60d6b1b0d2d7a214aa99b229d1d02895, type: 2}
      propertyPath: m_LocalRotation.z
      value: -0
      objectReference: {fileID: 0}
    - target: {fileID: 4536644322362546, guid: 60d6b1b0d2d7a214aa99b229d1d02895, type: 2}
      propertyPath: m_LocalRotation.w
      value: 1
      objectReference: {fileID: 0}
    - target: {fileID: 4536644322362546, guid: 60d6b1b0d2d7a214aa99b229d1d02895, type: 2}
      propertyPath: m_RootOrder
      value: 4
      objectReference: {fileID: 0}
    m_RemovedComponents: []
  m_SourcePrefab: {fileID: 100100000, guid: 60d6b1b0d2d7a214aa99b229d1d02895, type: 2}
  m_IsPrefabAsset: 0
--- !u!1 &1756936432
GameObject:
  m_ObjectHideFlags: 0
  m_CorrespondingSourceObject: {fileID: 0}
  m_PrefabInternal: {fileID: 0}
  serializedVersion: 6
  m_Component:
  - component: {fileID: 1756936435}
  - component: {fileID: 1756936434}
  - component: {fileID: 1756936433}
  m_Layer: 0
  m_Name: PlayerRun1
  m_TagString: Untagged
  m_Icon: {fileID: 0}
  m_NavMeshLayer: 0
  m_StaticEditorFlags: 0
  m_IsActive: 1
--- !u!95 &1756936433
Animator:
  serializedVersion: 3
  m_ObjectHideFlags: 0
  m_CorrespondingSourceObject: {fileID: 0}
  m_PrefabInternal: {fileID: 0}
  m_GameObject: {fileID: 1756936432}
  m_Enabled: 1
  m_Avatar: {fileID: 0}
  m_Controller: {fileID: 9100000, guid: 905d89f4da2fd474aab1cf56799898af, type: 2}
  m_CullingMode: 0
  m_UpdateMode: 0
  m_ApplyRootMotion: 0
  m_LinearVelocityBlending: 0
  m_WarningMessage: 
  m_HasTransformHierarchy: 1
  m_AllowConstantClipSamplingOptimization: 1
  m_KeepAnimatorControllerStateOnDisable: 0
--- !u!212 &1756936434
SpriteRenderer:
  m_ObjectHideFlags: 0
  m_CorrespondingSourceObject: {fileID: 0}
  m_PrefabInternal: {fileID: 0}
  m_GameObject: {fileID: 1756936432}
  m_Enabled: 1
  m_CastShadows: 0
  m_ReceiveShadows: 0
  m_DynamicOccludee: 1
  m_MotionVectors: 1
  m_LightProbeUsage: 1
  m_ReflectionProbeUsage: 1
  m_RenderingLayerMask: 4294967295
  m_Materials:
  - {fileID: 10754, guid: 0000000000000000f000000000000000, type: 0}
  m_StaticBatchInfo:
    firstSubMesh: 0
    subMeshCount: 0
  m_StaticBatchRoot: {fileID: 0}
  m_ProbeAnchor: {fileID: 0}
  m_LightProbeVolumeOverride: {fileID: 0}
  m_ScaleInLightmap: 1
  m_PreserveUVs: 0
  m_IgnoreNormalsForChartDetection: 0
  m_ImportantGI: 0
  m_StitchLightmapSeams: 0
  m_SelectedEditorRenderState: 0
  m_MinimumChartSize: 4
  m_AutoUVMaxDistance: 0.5
  m_AutoUVMaxAngle: 89
  m_LightmapParameters: {fileID: 0}
  m_SortingLayerID: 0
  m_SortingLayer: 0
  m_SortingOrder: 0
  m_Sprite: {fileID: 21300000, guid: 54ea6ae3372e38140a1eee6e3521252e, type: 3}
  m_Color: {r: 1, g: 1, b: 1, a: 1}
  m_FlipX: 0
  m_FlipY: 0
  m_DrawMode: 0
  m_Size: {x: 19.2, y: 10.8}
  m_AdaptiveModeThreshold: 0.5
  m_SpriteTileMode: 0
  m_WasSpriteAssigned: 1
  m_MaskInteraction: 0
  m_SpriteSortPoint: 0
--- !u!4 &1756936435
Transform:
  m_ObjectHideFlags: 0
  m_CorrespondingSourceObject: {fileID: 0}
  m_PrefabInternal: {fileID: 0}
  m_GameObject: {fileID: 1756936432}
  m_LocalRotation: {x: 0, y: 0, z: 0, w: 1}
  m_LocalPosition: {x: -3.7778242, y: 6.204487, z: 0}
  m_LocalScale: {x: 1, y: 1, z: 1}
  m_Children: []
  m_Father: {fileID: 0}
  m_RootOrder: 14
  m_LocalEulerAnglesHint: {x: 0, y: 0, z: 0}
--- !u!1001 &1803941540
Prefab:
  m_ObjectHideFlags: 0
  serializedVersion: 2
  m_Modification:
    m_TransformParent: {fileID: 0}
    m_Modifications:
    - target: {fileID: 4832802237140154, guid: 6b7e75ff2d699ac4c9d018d11a5d5fef, type: 2}
      propertyPath: m_LocalPosition.x
      value: -3.913
      objectReference: {fileID: 0}
    - target: {fileID: 4832802237140154, guid: 6b7e75ff2d699ac4c9d018d11a5d5fef, type: 2}
      propertyPath: m_LocalPosition.y
      value: -0.025
      objectReference: {fileID: 0}
    - target: {fileID: 4832802237140154, guid: 6b7e75ff2d699ac4c9d018d11a5d5fef, type: 2}
      propertyPath: m_LocalPosition.z
      value: 0
      objectReference: {fileID: 0}
    - target: {fileID: 4832802237140154, guid: 6b7e75ff2d699ac4c9d018d11a5d5fef, type: 2}
      propertyPath: m_LocalRotation.x
      value: 0
      objectReference: {fileID: 0}
    - target: {fileID: 4832802237140154, guid: 6b7e75ff2d699ac4c9d018d11a5d5fef, type: 2}
      propertyPath: m_LocalRotation.y
      value: 0
      objectReference: {fileID: 0}
    - target: {fileID: 4832802237140154, guid: 6b7e75ff2d699ac4c9d018d11a5d5fef, type: 2}
      propertyPath: m_LocalRotation.z
      value: 0
      objectReference: {fileID: 0}
    - target: {fileID: 4832802237140154, guid: 6b7e75ff2d699ac4c9d018d11a5d5fef, type: 2}
      propertyPath: m_LocalRotation.w
      value: 1
      objectReference: {fileID: 0}
    - target: {fileID: 4832802237140154, guid: 6b7e75ff2d699ac4c9d018d11a5d5fef, type: 2}
      propertyPath: m_RootOrder
      value: 3
      objectReference: {fileID: 0}
    m_RemovedComponents: []
  m_SourcePrefab: {fileID: 100100000, guid: 6b7e75ff2d699ac4c9d018d11a5d5fef, type: 2}
  m_IsPrefabAsset: 0
--- !u!1001 &1914006226
Prefab:
  m_ObjectHideFlags: 0
  serializedVersion: 2
  m_Modification:
    m_TransformParent: {fileID: 0}
    m_Modifications:
    - target: {fileID: 4404781357260220, guid: 6dfe34db9fac99f4880af2b121795514, type: 2}
      propertyPath: m_LocalPosition.x
      value: -5.75
      objectReference: {fileID: 0}
    - target: {fileID: 4404781357260220, guid: 6dfe34db9fac99f4880af2b121795514, type: 2}
      propertyPath: m_LocalPosition.y
      value: -0.29
      objectReference: {fileID: 0}
    - target: {fileID: 4404781357260220, guid: 6dfe34db9fac99f4880af2b121795514, type: 2}
      propertyPath: m_LocalPosition.z
      value: 0
      objectReference: {fileID: 0}
    - target: {fileID: 4404781357260220, guid: 6dfe34db9fac99f4880af2b121795514, type: 2}
      propertyPath: m_LocalRotation.x
      value: 0
      objectReference: {fileID: 0}
    - target: {fileID: 4404781357260220, guid: 6dfe34db9fac99f4880af2b121795514, type: 2}
      propertyPath: m_LocalRotation.y
      value: 0
      objectReference: {fileID: 0}
    - target: {fileID: 4404781357260220, guid: 6dfe34db9fac99f4880af2b121795514, type: 2}
      propertyPath: m_LocalRotation.z
      value: 0
      objectReference: {fileID: 0}
    - target: {fileID: 4404781357260220, guid: 6dfe34db9fac99f4880af2b121795514, type: 2}
      propertyPath: m_LocalRotation.w
      value: 1
      objectReference: {fileID: 0}
    - target: {fileID: 4404781357260220, guid: 6dfe34db9fac99f4880af2b121795514, type: 2}
      propertyPath: m_RootOrder
      value: 6
      objectReference: {fileID: 0}
    - target: {fileID: 4404781357260220, guid: 6dfe34db9fac99f4880af2b121795514, type: 2}
      propertyPath: m_LocalScale.x
      value: 0.2
      objectReference: {fileID: 0}
    - target: {fileID: 4404781357260220, guid: 6dfe34db9fac99f4880af2b121795514, type: 2}
      propertyPath: m_LocalScale.y
      value: 0.2
      objectReference: {fileID: 0}
    - target: {fileID: 4404781357260220, guid: 6dfe34db9fac99f4880af2b121795514, type: 2}
      propertyPath: m_LocalScale.z
      value: 0.2
      objectReference: {fileID: 0}
    m_RemovedComponents: []
  m_SourcePrefab: {fileID: 100100000, guid: 6dfe34db9fac99f4880af2b121795514, type: 2}
  m_IsPrefabAsset: 0
--- !u!1 &2045411282
GameObject:
  m_ObjectHideFlags: 0
  m_CorrespondingSourceObject: {fileID: 0}
  m_PrefabInternal: {fileID: 0}
  serializedVersion: 6
  m_Component:
  - component: {fileID: 2045411285}
  - component: {fileID: 2045411284}
  - component: {fileID: 2045411283}
  m_Layer: 0
  m_Name: Main Camera
  m_TagString: MainCamera
  m_Icon: {fileID: 0}
  m_NavMeshLayer: 0
  m_StaticEditorFlags: 0
  m_IsActive: 1
--- !u!81 &2045411283
AudioListener:
  m_ObjectHideFlags: 0
  m_CorrespondingSourceObject: {fileID: 0}
  m_PrefabInternal: {fileID: 0}
  m_GameObject: {fileID: 2045411282}
  m_Enabled: 1
--- !u!20 &2045411284
Camera:
  m_ObjectHideFlags: 0
  m_CorrespondingSourceObject: {fileID: 0}
  m_PrefabInternal: {fileID: 0}
  m_GameObject: {fileID: 2045411282}
  m_Enabled: 1
  serializedVersion: 2
  m_ClearFlags: 1
  m_BackGroundColor: {r: 0.19215687, g: 0.3019608, b: 0.4745098, a: 0}
  m_projectionMatrixMode: 1
  m_SensorSize: {x: 36, y: 24}
  m_LensShift: {x: 0, y: 0}
  m_FocalLength: 50
  m_NormalizedViewPortRect:
    serializedVersion: 2
    x: 0
    y: 0
    width: 1
    height: 1
  near clip plane: 0.3
  far clip plane: 1000
  field of view: 60
  orthographic: 1
  orthographic size: 5
  m_Depth: -1
  m_CullingMask:
    serializedVersion: 2
    m_Bits: 4294967295
  m_RenderingPath: -1
  m_TargetTexture: {fileID: 0}
  m_TargetDisplay: 0
  m_TargetEye: 3
  m_HDR: 1
  m_AllowMSAA: 1
  m_AllowDynamicResolution: 0
  m_ForceIntoRT: 0
  m_OcclusionCulling: 1
  m_StereoConvergence: 10
  m_StereoSeparation: 0.022
--- !u!4 &2045411285
Transform:
  m_ObjectHideFlags: 0
  m_CorrespondingSourceObject: {fileID: 0}
  m_PrefabInternal: {fileID: 0}
  m_GameObject: {fileID: 2045411282}
  m_LocalRotation: {x: 0, y: 0, z: 0, w: 1}
  m_LocalPosition: {x: 0, y: 0, z: -10}
  m_LocalScale: {x: 1, y: 1, z: 1}
  m_Children: []
  m_Father: {fileID: 0}
  m_RootOrder: 0
  m_LocalEulerAnglesHint: {x: 0, y: 0, z: 0}
--- !u!1001 &2077884522
Prefab:
  m_ObjectHideFlags: 0
  serializedVersion: 2
  m_Modification:
    m_TransformParent: {fileID: 0}
    m_Modifications:
    - target: {fileID: 4294249723412886, guid: 737cadb401287a64db9513731267f2a7, type: 2}
      propertyPath: m_LocalPosition.x
      value: -4.664358
      objectReference: {fileID: 0}
    - target: {fileID: 4294249723412886, guid: 737cadb401287a64db9513731267f2a7, type: 2}
      propertyPath: m_LocalPosition.y
      value: 3.4890757
      objectReference: {fileID: 0}
    - target: {fileID: 4294249723412886, guid: 737cadb401287a64db9513731267f2a7, type: 2}
      propertyPath: m_LocalPosition.z
      value: 0
      objectReference: {fileID: 0}
    - target: {fileID: 4294249723412886, guid: 737cadb401287a64db9513731267f2a7, type: 2}
      propertyPath: m_LocalRotation.x
      value: -0
      objectReference: {fileID: 0}
    - target: {fileID: 4294249723412886, guid: 737cadb401287a64db9513731267f2a7, type: 2}
      propertyPath: m_LocalRotation.y
      value: -0
      objectReference: {fileID: 0}
    - target: {fileID: 4294249723412886, guid: 737cadb401287a64db9513731267f2a7, type: 2}
      propertyPath: m_LocalRotation.z
      value: -0
      objectReference: {fileID: 0}
    - target: {fileID: 4294249723412886, guid: 737cadb401287a64db9513731267f2a7, type: 2}
      propertyPath: m_LocalRotation.w
      value: 1
      objectReference: {fileID: 0}
    - target: {fileID: 4294249723412886, guid: 737cadb401287a64db9513731267f2a7, type: 2}
      propertyPath: m_RootOrder
      value: 2
      objectReference: {fileID: 0}
    m_RemovedComponents: []
  m_SourcePrefab: {fileID: 100100000, guid: 737cadb401287a64db9513731267f2a7, type: 2}
  m_IsPrefabAsset: 0
